<?xml version="1.0" encoding="UTF-8"?><collection xmlns="http://www.loc.gov/MARC21/slim"><record><leader>00500nam--2200169-u-4500</leader><controlfield tag="001">000051244</controlfield><controlfield tag="002">20161230</controlfield><controlfield tag="005">20161230201049</controlfield><controlfield tag="008">080606s1000------------r-----000-0-eng-d</controlfield><datafield ind1=" " ind2=" " tag="040"><subfield code="a">IFIN-HH</subfield></datafield><datafield ind1=" " ind2=" " tag="080"><subfield code="a">513.83</subfield></datafield><datafield ind1="1" ind2=" " tag="100"><subfield code="a">Novak,J.(ed.)</subfield></datafield><datafield ind1="1" ind2="0" tag="245"><subfield code="a">General Topology and its Relations to Modern Analysis and Algebra II. Proceedings of the Second Prague Topological Symposium,1966</subfield></datafield><datafield ind1=" " ind2=" " tag="260"><subfield code="a">Pragu</subfield><subfield code="b">Acad.Publ.House</subfield><subfield code="c">1967</subfield></datafield><datafield ind1=" " ind2=" " tag="300"><subfield code="a">365 p</subfield></datafield><datafield ind1=" " ind2=" " tag="852"><subfield code="c">513.83</subfield></datafield><datafield ind1=" " ind2=" " tag="CAT"><subfield code="a">Sys</subfield><subfield code="c">20080606</subfield><subfield code="h">093118</subfield></datafield></record></collection>